<?xml version="1.0" encoding="UTF-8"?><collection xmlns="http://www.loc.gov/MARC21/slim"><record><leader>00491nam--2200181-u-4500</leader><controlfield tag="001">000056089</controlfield><controlfield tag="002">20161230</controlfield><controlfield tag="005">20161230201052</controlfield><controlfield tag="008">141209s1000------------r-----000-0-rus-d</controlfield><datafield ind1=" " ind2=" " tag="040"><subfield code="a">IFIN-HH</subfield></datafield><datafield ind1=" " ind2=" " tag="041"><subfield code="a">rus</subfield></datafield><datafield ind1=" " ind2=" " tag="080"><subfield code="a">524.1</subfield></datafield><datafield ind1="1" ind2=" " tag="100"><subfield code="a">Dorman, L.I</subfield></datafield><datafield ind1="1" ind2="0" tag="245"><subfield code="a">Eksperimentalnie i teoreticeslie osnovi astrofiziki kosmiceskih lucei</subfield><subfield code="c">L.i. dorman</subfield></datafield><datafield ind1=" " ind2=" " tag="260"><subfield code="a">Moskva</subfield><subfield code="b">Fiziko-matematiceskoi Literaturi</subfield><subfield code="c">1975</subfield></datafield><datafield ind1=" " ind2=" " tag="300"><subfield code="a">461P</subfield></datafield><datafield ind1=" " ind2=" " tag="852"><subfield code="a">76617</subfield><subfield code="c">523</subfield></datafield><datafield ind1=" " ind2=" " tag="CAT"><subfield code="a">Sys</subfield><subfield code="c">20141209</subfield><subfield code="h">141228</subfield></datafield></record></collection>